@article{Kah,
  title={Design of a hybrid system for the diabetes and heart diseases},
  author={Humar Kahramanli and Novruz Allahverdi},
  journal={Expert Systems with Applications},
  volume={35},
  number={1},
  pages={82 - 89},
  year={2008},
  publisher={}
}

@article{Aslam,
  title = "Feature generation using genetic programming with comparative partner selection for diabetes classification",
  journal = "Expert Systems with Applications",
  volume = "40",
  number = "13",
  pages = "5402 - 5412",
  year = "2013",
  author = "Muhammad Waqar Aslam and Zhechen Zhu and Asoke Kumar Nandi",
}

@article{Karan,
  title = "Diagnosing diabetes using neural networks on small mobile devices",
  journal = "Expert Systems with Applications",
  volume = "39",
  number = "1",
  pages = "54 - 60",
  year = "2012",
  author = "Oğuz Karan and Canan Bayraktar and Haluk Gümüşkaya and Bekir Karlık",
}

@article{Sisodia,
  title = "Prediction of Diabetes using Classification Algorithms",
  journal = "Procedia Computer Science",
  volume = "132",
  pages = "1578 - 1585",
  year = "2018",
  author = "Deepti Sisodia and Dilip Singh Sisodia",
}

@article{Castrillon,
  title = {{Sistema Bayesiano para la Predicción de la Diabetes}},
  journal = {{Información tecnológica}},
  author={Castrillón, Omar D AND Sarache, William AND Castaño, Eduardo},
  volume = {28},
  year = {2017},
  month = {00},
  pages = {161 - 168}
}

@INPROCEEDINGS{4811692, 
author={S. {Balakrishnan} and R. {Narayanaswamy} and N. {Savarimuthu} and R. {Samikannu}}, 
booktitle={2008 IEEE International Conference on Systems, Man and Cybernetics}, 
title={SVM ranking with backward search for feature selection in type II diabetes databases}, 
year={2008}, 
volume={}, 
number={}, 
pages={2628-2633}
}

@inproceedings{kayaer2003medical,
  title={Medical diagnosis on Pima Indian diabetes using general regression neural networks},
  author={Kayaer, Kamer and Y{\i}ld{\i}r{\i}m, Tulay},
  booktitle={Proceedings of the international conference on artificial neural networks and neural information processing (ICANN/ICONIP)},
  volume={181},
  pages={184},
  year={2003}
}

@article{gurbuz2014new,
  title={A new adaptive support vector machine for diagnosis of diseases},
  author={G{\"u}rb{\"u}z, Emre and K{\i}l{\i}{\c{c}}, Erdal},
  journal={Expert Systems},
  volume={31},
  number={5},
  pages={389--397},
  year={2014},
  publisher={Wiley Online Library}
}

@inproceedings{nr,
     title={The Network Data Repository with Interactive Graph Analytics and Visualization},
     author={Ryan A. Rossi and Nesreen K. Ahmed},
     booktitle={AAAI},
     url={http://networkrepository.com},
     year={2015}
}
%%[1]
@article{ROSALESGONZALEZ2008,
   title = {Causas de muerte en pacientes diabeticos de Ciudad de La Habana},
   journal = {Revista Cubana de Medicina General Integral},
   author={Rosales Gonzalez, Ernesto AND Crespo Mojena, Nelson AND Triana Ponce, Armando AND Triana, Yainer AND Palma L, Maraa Elena},
   ISSN = {0864-2125},
   language = {es},
   volume = {24},
   year = {2008},
   month = {03},
   pages = {0 - 0},
   publisher = {scielocu}
   }
   
@article{RO,
   title = {About diabetes},
   author={World Health Organization. Archived from the original},
   volume = {4},
   year = {2014},
   month = {04}
 }